<record xmlns="http://www.loc.gov/MARC21/slim" xmlns:xsi="http://www.w3.org/2001/XMLSchema-instance" xsi:schemaLocation="http://www.loc.gov/MARC21/slim http://www.loc.gov/standards/marcxml/schema/MARC21slim.xsd"><leader>02611nam a2200457   4500</leader><controlfield tag="001">3054855</controlfield><controlfield tag="003">NNC</controlfield><controlfield tag="006">m        d        </controlfield><controlfield tag="007">cr cn |||m|||a</controlfield><controlfield tag="008">150110s1963    sy      o     000 0 araod</controlfield><datafield ind1=" " ind2=" " tag="040"><subfield code="a">NNU</subfield><subfield code="b">eng</subfield><subfield code="e">rda</subfield><subfield code="c">NNU</subfield></datafield><datafield ind1=" " ind2="4" tag="050"><subfield code="a">PJ7803.5.A3</subfield><subfield code="b">R3 1963</subfield></datafield><datafield ind1="0" ind2=" " tag="100"><subfield code="6">880-01</subfield><subfield code="a">Muh&#803;ammad &#699;Abd al-H&#803;ayy,</subfield><subfield code="d">1848-1886 or 1887.</subfield></datafield><datafield ind1="1" ind2="3" tag="245"><subfield code="6">880-02</subfield><subfield code="a">al-Raf&#700; wa-al-takmi&#772;l fi&#772; al-jarh&#803; wa-al-ta&#699;di&#772;l /</subfield><subfield code="c">lil-ima&#772;m Abi&#772; al-H&#803;asana&#772;t Muh&#803;ammad &#699;Abd al-H&#803;ayy al-Laknawi&#772; al-Hindi&#772; ; h&#803;aqqaqahu wa-kharraja nus&#803;u&#772;s&#803;ahu wa-&#699;allaqa &#699;alayhi &#699;Abd al-Fatta&#772;h&#803; Abu&#772; Ghuddah.</subfield></datafield><datafield ind1=" " ind2=" " tag="260"><subfield code="6">880-03</subfield><subfield code="a">H&#803;alab :</subfield><subfield code="b">Maktab al-Mat&#803;bu&#772;&#699;a&#772;t al-Isla&#772;mi&#772;yah,</subfield><subfield code="c">[1963or1964]</subfield></datafield><datafield ind1=" " ind2=" " tag="300"><subfield code="a">online resource (32, 272 pages.)</subfield></datafield><datafield ind1=" " ind2=" " tag="336"><subfield code="a">text</subfield><subfield code="2">rdacontent</subfield></datafield><datafield ind1=" " ind2=" " tag="337"><subfield code="a">computer</subfield><subfield code="2">rdamedia</subfield></datafield><datafield ind1=" " ind2=" " tag="338"><subfield code="a">online resource</subfield><subfield code="2">rdacarrier</subfield></datafield><datafield ind1="1" ind2=" " tag="490"><subfield code="6">880-04</subfield><subfield code="a">Mu&#700;allafa&#772;t al-ima&#772;m al-Laknawi&#772; ;</subfield><subfield code="v">1</subfield></datafield><datafield ind1=" " ind2=" " tag="500"><subfield code="a">Part of the Arabic Collections Online (ACO) project, contributed by Columbia University Libraries.</subfield></datafield><datafield ind1=" " ind2=" " tag="533"><subfield code="a">Electronic reproduction.</subfield><subfield code="b">New York, N.Y. :</subfield><subfield code="c">New York University,</subfield><subfield code="d">2015.</subfield><subfield code="5">NNU</subfield></datafield><datafield ind1=" " ind2="0" tag="650"><subfield code="a">Hadith</subfield><subfield code="x">Criticism, interpretation, etc.</subfield></datafield><datafield ind1=" " ind2="7" tag="650"><subfield code="a">Hadith.</subfield><subfield code="2">fast</subfield><subfield code="0">(OCoLC)fst00950112</subfield></datafield><datafield ind1=" " ind2="7" tag="655"><subfield code="a">Criticism, interpretation, etc.</subfield><subfield code="2">fast</subfield><subfield code="0">(OCoLC)fst01411635</subfield></datafield><datafield ind1="1" ind2=" " tag="700"><subfield code="6">880-05</subfield><subfield code="a">Abu&#772; Ghuddah, &#699;Abd al-Fatta&#772;h&#803;.</subfield></datafield><datafield ind1="2" ind2=" " tag="710"><subfield code="a">Columbia University.</subfield><subfield code="b">Libraries.</subfield></datafield><datafield ind1="0" ind2=" " tag="730"><subfield code="a">Arabic Collections Online.</subfield></datafield><datafield ind1="0" ind2="8" tag="776"><subfield code="i">Print version:</subfield><subfield code="a">Muh&#803;ammad &#699;Abd al-H&#803;ayy, 1848-1886 or 1887.</subfield><subfield code="t">al-Raf&#700; wa-al-takmi&#772;l fi&#772; al-jarh&#803; wa-al-ta&#699;di&#772;l</subfield><subfield code="w">(NNC)3054855</subfield><subfield code="w">(DLC)   74257192 </subfield><subfield code="w">(OCoLC)34014233</subfield></datafield><datafield ind1=" " ind2="0" tag="830"><subfield code="6">880-06</subfield><subfield code="a">Mu&#700;allafa&#772;t al-ima&#772;m al-Laknawi&#772; ;</subfield><subfield code="v">1.</subfield></datafield><datafield ind1="0" ind2=" " tag="800"><subfield code="6">880-07</subfield><subfield code="a">Muh&#803;ammad &#699;Abd al-H&#803;ayy</subfield><subfield code="t">works.</subfield></datafield><datafield ind1="4" ind2="0" tag="856"><subfield code="u">http://hdl.handle.net/2333.1/41ns1tfm</subfield></datafield><datafield ind1="0" ind2=" " tag="880"><subfield code="6">100-01/r</subfield><subfield code="a">&#1605;&#1581;&#1605;&#1583; &#1593;&#1576;&#1583; &#1575;&#1604;&#1581;&#1610;&#1548; </subfield><subfield code="d">1848-1886 or 1887.</subfield></datafield><datafield ind1="1" ind2="0" tag="880"><subfield code="6">245-02/r</subfield><subfield code="a">&#1575;&#1604;&#1585;&#1601;&#1593; &#1608;&#1575;&#1604;&#1578;&#1603;&#1605;&#1610;&#1604; &#1601;&#1610; &#1575;&#1604;&#1580;&#1585;&#1581; &#1608;&#1575;&#1604;&#1578;&#1593;&#1583;&#1610;&#1604; /</subfield><subfield code="c">&#1604;&#1571;&#1576;&#1610; &#1575;&#1604;&#1581;&#1587;&#1606;&#1575;&#1578; &#1605;&#1581;&#1605;&#1583; &#1593;&#1576;&#1583; &#1575;&#1604;&#1581;&#1610; &#1575;&#1604;&#1604;&#1603;&#1606;&#1608;&#1610; &#1575;&#1604;&#1607;&#1606;&#1583;&#1610; &#1563; &#1581;&#1602;&#1602;&#1607; &#1608;&#1582;&#1585;&#1580; &#1606;&#1589;&#1589;&#1608;&#1589;&#1607; &#1608;&#1593;&#1604;&#1602; &#1593;&#1604;&#1610;&#1607; &#1593;&#1576;&#1583; &#1575;&#1604;&#1601;&#1578;&#1575;&#1581; &#1571;&#1576;&#1608; &#1594;&#1583;&#1577;.</subfield></datafield><datafield ind1=" " ind2=" " tag="880"><subfield code="6">260-03/r</subfield><subfield code="a">&#1581;&#1604;&#1576; :</subfield><subfield code="b">&#1605;&#1603;&#1578;&#1576; &#1575;&#1604;&#1605;&#1591;&#1576;&#1608;&#1593;&#1575;&#1578; &#1575;&#1604;&#1575;&#1587;&#1604;&#1575;&#1605;&#1610;&#1577;&#1548; </subfield><subfield code="c">[1963or1964]</subfield></datafield><datafield ind1="0" ind2=" " tag="880"><subfield code="6">490-04/r</subfield><subfield code="a">&#1605;&#1572;&#1604;&#1601;&#1575;&#1578; &#1575;&#1604;&#1575;&#1605;&#1575;&#1605; &#1575;&#1604;&#1604;&#1603;&#1606;&#1608;&#1610; &#1563;</subfield><subfield code="v">&#1633;</subfield></datafield><datafield ind1="1" ind2=" " tag="880"><subfield code="6">700-05/r</subfield><subfield code="a">&#1571;&#1576;&#1608; &#1594;&#1583;&#1577;&#1548; &#1593;&#1576;&#1583; &#1575;&#1604;&#1601;&#1578;&#1575;&#1581;.</subfield></datafield><datafield ind1=" " ind2="0" tag="880"><subfield code="6">830-06/r</subfield><subfield code="a">&#1605;&#1572;&#1604;&#1601;&#1575;&#1578; &#1575;&#1604;&#1575;&#1605;&#1575;&#1605; &#1575;&#1604;&#1604;&#1603;&#1606;&#1608;&#1610; &#1563;</subfield><subfield code="v">1.</subfield></datafield><datafield ind1="0" ind2=" " tag="880"><subfield code="6">800-07/r</subfield><subfield code="a">&#1605;&#1581;&#1605;&#1583; &#1593;&#1576;&#1583; &#1575;&#1604;&#1581;&#1610;.</subfield><subfield code="t">&#1571;&#1593;&#1605;&#1575;&#1604;.</subfield></datafield><datafield ind1=" " ind2=" " tag="959"><subfield code="a">NNU</subfield><subfield code="b">WEB</subfield><subfield code="c">GENI</subfield><subfield code="t">0</subfield><subfield code="m">Electronic access</subfield><subfield code="s">01</subfield></datafield><datafield ind1=" " ind2=" " tag="999"><subfield code="i">NNC_3054855</subfield><subfield code="o">(OCoLC)34014233</subfield></datafield></record>